<record><leader>00000cas a2200000 a 4500</leader><controlfield tag="001">40436896</controlfield><controlfield tag="008">981203d19721979cauwr ne      0    0eng c</controlfield><datafield ind1=" " ind2=" " tag="010"><subfield code="a">sn 98061118 </subfield></datafield><datafield ind1=" " ind2=" " tag="040"><subfield code="a">CNK</subfield><subfield code="b">eng</subfield><subfield code="c">CNK</subfield><subfield code="d">OCLCQ</subfield><subfield code="d">CNK</subfield><subfield code="d">OCLCQ</subfield><subfield code="d">OCLCF</subfield><subfield code="d">OCLCO</subfield></datafield><datafield ind1="1" ind2=" " tag="029"><subfield code="a">AU@</subfield><subfield code="b">000014355877</subfield></datafield><datafield ind1=" " ind2=" " tag="042"><subfield code="a">pcc</subfield></datafield><datafield ind1=" " ind2=" " tag="043"><subfield code="a">n-us-ca</subfield></datafield><datafield ind1="0" ind2=" " tag="130"><subfield code="a">Middletown times star (Middletown, Calif. : 1972)</subfield></datafield><datafield ind1="1" ind2="0" tag="245"><subfield code="a">Middletown times star.</subfield></datafield><datafield ind1="1" ind2="2" tag="246"><subfield code="a">Middletown's times star</subfield><subfield code="f">May 24-Aug. 2, 1979</subfield></datafield><datafield ind1=" " ind2=" " tag="260"><subfield code="a">Middletown, Lake County, Calif. :</subfield><subfield code="b">Floyd A. Kibbe</subfield></datafield><datafield ind1=" " ind2=" " tag="300"><subfield code="a">v.</subfield></datafield><datafield ind1=" " ind2=" " tag="310"><subfield code="a">Weekly</subfield></datafield><datafield ind1="0" ind2=" " tag="362"><subfield code="a">Vol. 51 [sic], no. 48 (Nov. 30, 1972)-v. 60, no. 31 (Aug. 2, 1979).</subfield></datafield><datafield ind1=" " ind2=" " tag="515"><subfield code="a">Numbering is irregular.</subfield></datafield><datafield ind1=" " ind2=" " tag="530"><subfield code="a">Master negatives are available for duplication from:</subfield><subfield code="b">California Newspaper Microfilm Archive;</subfield><subfield code="c">positive copies may be purchased by the reel; for further information consult the CNMA at:</subfield><subfield code="u">http://cbsr.ucr.edu</subfield></datafield><datafield ind1=" " ind2="0" tag="651"><subfield code="a">Middletown (Calif.)</subfield><subfield code="v">Newspapers.</subfield></datafield><datafield ind1=" " ind2="7" tag="655"><subfield code="a">Newspapers.</subfield><subfield code="2">fast</subfield><subfield code="0">(OCoLC)fst01423814</subfield></datafield><datafield ind1=" " ind2="7" tag="651"><subfield code="a">California</subfield><subfield code="z">Middletown.</subfield><subfield code="2">fast</subfield><subfield code="0">(OCoLC)fst01213073</subfield></datafield><datafield ind1=" " ind2=" " tag="752"><subfield code="a">United States</subfield><subfield code="b">California</subfield><subfield code="c">Lake</subfield><subfield code="d">Middletown.</subfield></datafield><datafield ind1="0" ind2=" " tag="775"><subfield code="t">Times star (Middletown, Calif. : Hidden Valley Lake ed.)</subfield><subfield code="w">(DLC)sn 98061119</subfield></datafield><datafield ind1="0" ind2="0" tag="780"><subfield code="t">Times star (Middletown, Calif. : 1970)</subfield><subfield code="w">(DLC)sn 98061117</subfield></datafield><datafield ind1="0" ind2="0" tag="785"><subfield code="t">Times star (Middletown, Calif. : 1979)</subfield><subfield code="w">(DLC)sn2010271057</subfield></datafield></record>